<?xml version="1.0" encoding="UTF-8"?><collection xmlns="http://www.loc.gov/MARC21/slim"><record><leader>00303nam--2200133-i-4500</leader><controlfield tag="001">000003856</controlfield><controlfield tag="002">20161230</controlfield><controlfield tag="005">20161230201025</controlfield><controlfield tag="008">060222s1000------------r-----000-0-eng-d</controlfield><datafield ind1=" " ind2=" " tag="080"><subfield code="a">621.3</subfield></datafield><datafield ind1=" " ind2=" " tag="100"><subfield code="a">Breazu, N. Ioan</subfield></datafield><datafield ind1=" " ind2=" " tag="245"><subfield code="a">Electrotehnica aplicata</subfield></datafield><datafield ind1=" " ind2=" " tag="260"><subfield code="a">Bucuresti, 1953 444 P</subfield></datafield><datafield ind1=" " ind2=" " tag="852"><subfield code="a">26852</subfield></datafield></record></collection>